|0000|018|0|01012024|31012024|ROPER BRASIL COMERCIO E PROMOCAO DE PRODUTOS E SERVICOS LTDA|11035026000191||RJ|79637874|3304557|05309310||A|0|
|0001|0|
|0002|06|
|0005|CCC BRASIL COMERCIO E PROMOCAO DE PRODUTOS E SER|20090903|AV RIO BRANCO|00004||CENTRO|2130315700|||
|0100|FABIO DA SILVA BAPTISTA|08634862828|116967ORJ|21994404000118|20070022|RUA BUENOS AIRES|68|SL 2801|CENTRO|02130315700||suporte-x3po@bpoinnova.com|3304557|
|0150|F58890252000202|DHL EXPRESS (BRASIL) LTDA|1058|58890252000202||81239592|3304557||AV ATLANTICA|1998|Rio de Janeiro|Rio de Janeiro|
|0150|F11934127000102|NITS CLEAN COM DE MAT DE LIMPEZA LTDA|1058|11934127000102||79069477|3304557||RUA CUBA|329||PENHA CIRCULAR|
|0150|60444437000146|LIGHT SERVIÇOS DE ELETRICIDADE SA|1058|60444437000146||81380023|3304557||AV MAL FLORIANO||||
|0190|CX|Unidade Importada Nfe|
|0190|UN|Unidade Importada Nfe|
|0190|FD|FARDO|
|0190|GL|Unidade Importada Nfe|
|0200|7891172433986|TOALHA INTERF SCOTT ESSENT FD 12 X 200|7891172433986||CX|00|48182000||48||||
|0200|33074900|BLOQUEADOR DE ODORES SANITARIOS 500ML|33074900||UN|00|33074900||33||||
|0200|fornec_46606|SACO DE LIXO 60L PRETO 100UN|||FD|00|39232190||39||||
|0200|fornec_47804|SANI CLEAN 5 L|||GL|00|28289011||28||||
|0200|17891172001298|ONU 1266 ALCOOL ANTISSEPTICO SCOTT EM SPRAY PARA AS M|17891172001298||CX|99|38089429||38||||
|0400|0000000001|COMPRA MAT USO E/OU CONSUMO ST|
|0990|19|
|B001|1|
|B990|2|
|C001|0|
|C100|0|1|F11934127000102|55|00|003|198146|33240111934127000102550030001981461932412547|30012024|30012024|2013,66|0|0|0|2013,66|0|0|0|0|0|0|0|0|0|||||
|C170|1|7891172433986||3|CX|1087,14|0|0|060|1407|0000000001|0|0|0|0|0|0|0|||0|0|0||||||||||||||0|
|C170|2|33074900||6|UN|479,4|0|0|090|1556||0|0|0|0|0|0|0|||0|0|0||||||||||||||0|
|C170|3|fornec_46606||1|FD|34,02|0|0|060|1407|0000000001|0|0|0|0|0|0|0|||0|0|0||||||||||||||0|
|C170|4|fornec_47804||1|GL|49,34|0|0|090|1556||0|0|0|0|0|0|0|||0|0|0||||||||||||||0|
|C170|5|17891172001298||1|CX|363,76|0|0|090|1556||0|0|0|0|0|0|0|||0|0|0||||||||||||||0|
|C190|060|1407|0|1121,16|0|0|0|0|0|0||
|C190|090|1556|0|892,5|0|0|0|0|0|0||
|C500|0|1|60444437000146|66|00|01|||30021518|25012024|25012024|1969,77||1969,77||||1969,77|||||||||33240160444437000146660010300215181007100669|1||||||||||||
|C590|090|1253||1969,77|0|0|0|0|0||
|C990|12|
|D001|0|
|D100|0|1|F58890252000202|57|00|10||6400716|33240158890252000202570100064007161110335852|03012024|03012024|1||55,21|0|2|55,21|55,21|6,63|0|||3304557|3501608|
|D100|0|1|F58890252000202|57|00|10||6400718|33240158890252000202570100064007181199639656|03012024|03012024|1||55,21|0|2|55,21|55,21|6,63|0|||3304557|3552205|
|D100|0|1|F58890252000202|57|00|10||6400719|33240158890252000202570100064007191110334050|03012024|03012024|1||55,21|0|2|55,21|55,21|6,63|0|||3304557|3538709|
|D100|0|1|F58890252000202|57|00|10||6400721|33240158890252000202570100064007211168915517|03012024|03012024|1||27,6|0|2|27,6|27,6|3,31|0|||3304557|3548500|
|D100|0|1|F58890252000202|57|00|10||6400722|33240158890252000202570100064007221110333334|03012024|03012024|1||55,21|0|2|55,21|55,21|6,63|0|||3304557|3552205|
|D100|0|1|F58890252000202|57|00|10||6400723|33240158890252000202570100064007231199637599|03012024|03012024|1||70,47|0|2|70,47|70,47|4,93|0|||3304557|3205200|
|D100|0|1|F58890252000202|57|00|10||6400724|33240158890252000202570100064007241199640279|03012024|03012024|1||27,6|0|2|27,6|27,6|3,31|0|||3304557|3538709|
|D100|0|1|F58890252000202|57|00|10||6402369|33240158890252000202570100064023691168914155|07012024|07012024|1||55,21|0|2|55,21|55,21|6,63|0|||3304557|3170107|
|D100|0|1|F58890252000202|57|00|10||6402370|33240158890252000202570100064023701199636506|07012024|07012024|1||61,69|0|2|61,69|61,69|7,4|0|||3304557|3524709|
|D190|000|2353|12|55,21|55,21|6,63|0||
|D190|000|2353|12|55,21|55,21|6,63|0||
|D190|000|2353|12|55,21|55,21|6,63|0||
|D190|000|2353|12|27,6|27,6|3,31|0||
|D190|000|2353|12|55,21|55,21|6,63|0||
|D190|000|2353|7|70,47|70,47|4,93|0||
|D190|000|2353|12|27,6|27,6|3,31|0||
|D190|000|2353|12|55,21|55,21|6,63|0||
|D190|000|2353|12|61,69|61,69|7,4|0||
|D990|20|
|E001|0|
|E100|01012024|31012024|
|E110|0|0|0|0|52,1|0|0|0|1135679,57|0|0|0|1135731,67|0|
|E200|SP|01012024|31012024|
|E210|1|1007,64|0|0|0|0|0|0|0|0|0|0|1007,64|0|
|E500|0|01012024|31012024|
|E520|0|0|0|0|0|0|0|
|E990|8|
|G001|1|
|G990|2|
|H001|1|
|H990|2|
|K001|1|
|K990|2|
|1001|0|
|1010|N|N|N|N|N|N|N|N|N|N|N|N|N|
|1990|3|
|9001|0|
|9900|0000|1|
|9900|0001|1|
|9900|0002|1|
|9900|0005|1|
|9900|0100|1|
|9900|0150|3|
|9900|0190|4|
|9900|0200|5|
|9900|0400|1|
|9900|0990|1|
|9900|B001|1|
|9900|B990|1|
|9900|C001|1|
|9900|C100|1|
|9900|C170|5|
|9900|C190|2|
|9900|C500|1|
|9900|C590|1|
|9900|C990|1|
|9900|D001|1|
|9900|D100|9|
|9900|D190|9|
|9900|D990|1|
|9900|E001|1|
|9900|E100|1|
|9900|E110|1|
|9900|E200|1|
|9900|E210|1|
|9900|E500|1|
|9900|E520|1|
|9900|E990|1|
|9900|G001|1|
|9900|G990|1|
|9900|H001|1|
|9900|H990|1|
|9900|K001|1|
|9900|K990|1|
|9900|1001|1|
|9900|1010|1|
|9900|1990|1|
|9900|9001|1|
|9900|9990|1|
|9900|9999|1|
|9900|9900|44|
|9990|47|
|9999|117|
